<record><leader>00000cas a22000007a 4500</leader><controlfield tag="001">15299256</controlfield><controlfield tag="008">870311d18881894msuwr ne      0    0eng d</controlfield><datafield ind1=" " ind2=" " tag="010"><subfield code="a">sn 87065215 </subfield></datafield><datafield ind1=" " ind2=" " tag="040"><subfield code="a">MJA</subfield><subfield code="b">eng</subfield><subfield code="c">MJA</subfield><subfield code="d">MSJ</subfield><subfield code="d">OCLCQ</subfield></datafield><datafield ind1=" " ind2=" " tag="042"><subfield code="a">msc</subfield></datafield><datafield ind1="0" ind2="0" tag="245"><subfield code="a">Iuka reporter.</subfield></datafield><datafield ind1=" " ind2=" " tag="260"><subfield code="a">Iuka, Miss. :</subfield><subfield code="b">J.J. Chambers,</subfield><subfield code="c">-1894.</subfield></datafield><datafield ind1=" " ind2=" " tag="310"><subfield code="a">Weekly</subfield></datafield><datafield ind1="1" ind2=" " tag="362"><subfield code="a">Began in 1888.</subfield></datafield><datafield ind1="0" ind2=" " tag="362"><subfield code="a">-v. 12, no. 14 (July 26, 1894).</subfield></datafield><datafield ind1=" " ind2=" " tag="588"><subfield code="a">Description based on: Vol. 6, no. 11 (May 10, 1888).</subfield></datafield><datafield ind1=" " ind2=" " tag="752"><subfield code="a">United States</subfield><subfield code="b">Mississippi</subfield><subfield code="c">Tishomingo</subfield><subfield code="d">Iuka.</subfield></datafield><datafield ind1="0" ind2="0" tag="780"><subfield code="t">Gale</subfield><subfield code="w">(OCoLC)15299180</subfield></datafield><datafield ind1="0" ind2="0" tag="785"><subfield code="t">Iuka vidette</subfield><subfield code="w">(OCoLC)15299322</subfield></datafield></record>